@Book{xie2015,
  title = {Dynamic Documents with {R} and knitr},
  author = {Yihui Xie},
  publisher = {Chapman and Hall/CRC},
  address = {Boca Raton, Florida},
  year = {2015},
  edition = {2nd},
  note = {ISBN 978-1498716963},
  url = {http://yihui.name/knitr/},
}
@article{mice2011,
    title = {{mice}: Multivariate Imputation by Chained Equations in R},
    author = {Stef {van Buuren} and Karin Groothuis-Oudshoorn},
    journal = {Journal of Statistical Software},
    year = {2011},
    volume = {45},
    number = {3},
    pages = {1--67},
    url = {http://www.jstatsoft.org/v45/i03/},
  }
@Article{VIM2016,
    title = {Imputation with the {R} Package {VIM}},
    author = {Alexander Kowarik and Matthias Templ},
    journal = {Journal of Statistical Software},
    year = {2016},
    volume = {74},
    number = {7},
    pages = {1--16},
    doi = {10.18637/jss.v074.i07},
  }
@article{psqi1989,
  title={The Pittsburgh Sleep Quality Index: a new instrument for psychiatric practice and research},
  author={Buysse, Daniel J and Reynolds, Charles F and Monk, Timothy H and Berman, Susan R and Kupfer, David J},
  journal={Psychiatry research},
  volume={28},
  number={2},
  pages={193--213},
  year={1989},
  publisher={Elsevier}
}
@inproceedings{bai2012,
  title={Will you have a good sleep tonight?: sleep quality prediction with mobile phone},
  author={Bai, Yin and Xu, Bin and Ma, Yuanchao and Sun, Guodong and Zhao, Yu},
  booktitle={Proceedings of the 7th International Conference on Body Area Networks},
  pages={124--130},
  year={2012},
  organization={ICST (Institute for Computer Sciences, Social-Informatics and Telecommunications Engineering)}
}
@article{mastin2006,
  title={Assessment of sleep hygiene using the Sleep Hygiene Index},
  author={Mastin, David F and Bryson, Jeff and Corwyn, Robert},
  journal={Journal of behavioral medicine},
  volume={29},
  number={3},
  pages={223--227},
  year={2006},
  publisher={Springer}
}
@incollection{Posner2011,
title = "Chapter 3 - Sleep Hygiene ",
editor = "Perlis, Michael and Aloia, Mark  and Kuhn, Brett ",
booktitle = "Behavioral Treatments for Sleep Disorders ",
publisher = "Academic Press",
edition = "",
address = "San Diego",
year = "2011",
pages = "31 - 43",
series = "Practical Resources for the Mental Health Professional",
issn = "18730450",
doi = "http://dx.doi.org/10.1016/B978-0-12-381522-4.00003-1",
url = "http://www.sciencedirect.com/science/article/pii/B9780123815224000031",
author = "Donn Posner and Philip R. Gehrman"
}
@article{Cameron2010,
author = {Cameron A.   Brick  and  Darbi L.   Seely  and  Tonya M.   Palermo },
title = {Association Between Sleep Hygiene and Sleep Quality in Medical Students},
journal = {Behavioral Sleep Medicine},
volume = {8},
number = {2},
pages = {113-121},
year = {2010},
doi = {10.1080/15402001003622925},
note ={PMID: 20352547},
URL = { 
        http://dx.doi.org/10.1080/15402001003622925
    
},
eprint = { 
        http://dx.doi.org/10.1080/15402001003622925

}

}
@book{Wentz2011,
  title={The Healthy Home: Simple Truths to Protect Your Family from Hidden Household Dangers},
  author={Wentz, Dave and Wentz, Myron},
  year={2011},
  publisher={Vanguard}
}
@article{Irish2015,
author = {Irish, Leah A and Kline, Christopher E and Gunn, Heather E and Buysse, Daniel J and Hall, Martica H},
doi = {10.1016/j.smrv.2014.10.001},
issn = {1532-2955},
journal = {Sleep Medicine Reviews},
keywords = {Alcohol,Caffeine,Exercise,Napping,Nicotine,Noise,Public health,Sleep hygiene,Sleep timing,Stress},
mendeley-groups = {Thesis/Sleep/Sleep hygiene},
pages = {23--36},
publisher = {Elsevier Ltd},
title = {{The role of sleep hygiene in promoting public health: A review of empirical evidence}},
volume = {22},
year = {2015}
}
@article{Tang2014,
author = {Tang, Jiliang and Alelyani, Salem and Liu, Huan},
doi = {10.1.1.409.5195},
isbn = {978-1-4665-8674-1},
journal = {Data Classification: Algorithms and Applications},
pages = {37--64},
title = {{Feature Selection for Classification: A Review}},
year = {2014},
}
@Article{Amelia2011,
    title = {{Amelia II}: A Program for Missing Data},
    author = {James Honaker and Gary King and Matthew Blackwell},
    journal = {Journal of Statistical Software},
    year = {2011},
    volume = {45},
    number = {7},
    pages = {1--47},
    url = {http://www.jstatsoft.org/v45/i07/},
  }
@incollection{Stefano2014,
  title={Sleep Hygiene},
  author={de Biase, Stefano and Milioli, Giulia and Grassi, Andrea and Lorenzut, Simone and Parrino, Liborio and Gigli, Gian Luigi},
  booktitle={Sleepiness and Human Impact Assessment},
  pages={289--295},
  year={2014},
  publisher={Springer}
}
@book{Kelleher2015,
address = {London},
archivePrefix = {arXiv},
arxivId = {arXiv:1011.1669v3},
author = {Kelleher, John D. and Namee, Brian Mac and D'Arcy, Aoife},
booktitle = {Igarss 2014},
isbn = {978-0-262-02944-5},
issn = {13514180},
number = {1},
pages = {1--691},
pmid = {15991970},
publisher = {The MIT Press},
title = {{Fundamentals of Machine Learning for Predictive Data Analytics: algorithms, worked examples, and case studies}},
year = {2015}
}
@book{Liu1998,
author = {Liu, Huan and Motoda, Hiroshi},
doi = {10.1007/978-1-4615-5689-3},
isbn = {978-1-4613-7604-0},
issn = {1098-6596},
pages = {224},
pmid = {25246403},
title = {{Feature selection for knowledge discovery and data mining}},
year = {1998},
}
@article{Guyon2002,
  title={Gene selection for cancer classification using support vector machines},
  author={Guyon, Isabelle and Weston, Jason and Barnhill, Stephen and Vapnik, Vladimir},
  journal={Machine learning},
  volume={46},
  number={1-3},
  pages={389--422},
  year={2002},
  publisher={Springer}
}
@article{Ma2008,
  title={Penalized feature selection and classification in bioinformatics},
  author={Ma, Shuangge and Huang, Jian},
  journal={Briefings in bioinformatics},
  volume={9},
  number={5},
  pages={392--403},
  year={2008},
  publisher={Oxford Univ Press}
}
@article{Quinlan1986,
  title={Induction of decision trees},
  author={Quinlan, J. Ross},
  journal={Machine learning},
  volume={1},
  number={1},
  pages={81--106},
  year={1986},
  publisher={Springer}
}
@book{Quinlan1993,
  title={C4.5: programs for machine learning},
  author={Quinlan, J. R.},
  year={1993},
  publisher={Morgan Kaufmann}
}